% ReferÃªncias
%[1]
@inproceedings{bergstra2011algorithms,
  title={Algorithms for hyper-parameter optimization},
  author={Bergstra, James S and Bardenet, R{\'e}mi and Bengio, Yoshua and K{\'e}gl, Bal{\'a}zs},
  booktitle={Advances in neural information processing systems},
  pages={2546--2554},
  year={2011}
}

%[2]
@inproceedings{bergstra2013hyperopt,
  title={Hyperopt: A python library for optimizing the hyperparameters of machine learning algorithms},
  author={Bergstra, James and Yamins, Dan and Cox, David D},
  booktitle={Proceedings of the 12th Python in Science Conference},
  pages={13--20},
  year={2013},
  organization={Citeseer}
}

%[3]
@inproceedings{lyons1998coding,
  title={Coding facial expressions with gabor wavelets},
  author={Lyons, Michael and Akamatsu, Shigeru and Kamachi, Miyuki and Gyoba, Jiro},
  booktitle={Automatic Face and Gesture Recognition, 1998. Proceedings. Third IEEE International Conference on},
  pages={200--205},
  year={1998},
  organization={IEEE}
}

%[4]
@inproceedings{kanade2000comprehensive,
  title={Comprehensive database for facial expression analysis},
  author={Kanade, Takeo and Tian, Yingli and Cohn, Jeffrey F},
  booktitle={fg},
  pages={46},
  year={2000},
  organization={IEEE}
}

%[5]
@inproceedings{lucey2010extended,
  title={The extended cohn-kanade dataset (ck+): A complete dataset for action unit and emotion-specified expression},
  author={Lucey, Patrick and Cohn, Jeffrey F and Kanade, Takeo and Saragih, Jason and Ambadar, Zara and Matthews, Iain},
  booktitle={Computer Vision and Pattern Recognition Workshops (CVPRW), 2010 IEEE Computer Society Conference on},
  pages={94--101},
  year={2010},
  organization={IEEE}
}

%[6]
@inproceedings{deng2014scalable,
  title={Scalable multi-label annotation},
  author={Deng, Jia and Russakovsky, Olga and Krause, Jonathan and Bernstein, Michael S and Berg, Alex and Fei-Fei, Li},
  booktitle={Proceedings of the SIGCHI Conference on Human Factors in Computing Systems},
  pages={3099--3102},
  year={2014},
  organization={ACM}
}

%[7]
@article{pinto2009high,
  title={A high-throughput screening approach to discovering good forms of biologically inspired visual representation},
  author={Pinto, Nicolas and Doukhan, David and DiCarlo, James J and Cox, David D},
  journal={PLoS computational biology},
  volume={5},
  number={11},
  pages={e1000579},
  year={2009},
  publisher={Public Library of Science}
}

%[8]
@inproceedings{coates2011importance,
  title={The importance of encoding versus training with sparse coding and vector quantization},
  author={Coates, Adam and Ng, Andrew Y},
  booktitle={Proceedings of the 28th international conference on machine learning (ICML-11)},
  pages={921--928},
  year={2011}
}

%[9]
@inproceedings{goodfellow2013challenges,
  title={Challenges in representation learning: A report on three machine learning contests},
  author={Goodfellow, Ian J and Erhan, Dumitru and Carrier, Pierre Luc and Courville, Aaron and Mirza, Mehdi and Hamner, Ben and Cukierski, Will and Tang, Yichuan and Thaler, David and Lee, Dong-Hyun and others},
  booktitle={International Conference on Neural Information Processing},
  pages={117--124},
  year={2013},
  organization={Springer}
}

%[10]
@article{mollahosseini2017affectnet,
  title={Affectnet: A database for facial expression, valence, and arousal computing in the wild},
  author={Mollahosseini, Ali and Hasani, Behzad and Mahoor, Mohammad H},
  journal={arXiv preprint arXiv:1708.03985},
  year={2017}
}

%[11]
@inproceedings{krizhevsky2012imagenet,
  title={Imagenet classification with deep convolutional neural networks},
  author={Krizhevsky, Alex and Sutskever, Ilya and Hinton, Geoffrey E},
  booktitle={Advances in neural information processing systems},
  pages={1097--1105},
  year={2012}
}

%[12]
@article{simonyan2014very,
  title={Very deep convolutional networks for large-scale image recognition},
  author={Simonyan, Karen and Zisserman, Andrew},
  journal={arXiv preprint arXiv:1409.1556},
  year={2014}
}

%[13]
@inproceedings{szegedy2015going,
  title={Going deeper with convolutions},
  author={Szegedy, Christian and Liu, Wei and Jia, Yangqing and Sermanet, Pierre and Reed, Scott and Anguelov, Dragomir and Erhan, Dumitru and Vanhoucke, Vincent and Rabinovich, Andrew},
  booktitle={Proceedings of the IEEE conference on computer vision and pattern recognition},
  pages={1--9},
  year={2015}
}

%[14]
@inproceedings{he2016deep,
  title={Deep residual learning for image recognition},
  author={He, Kaiming and Zhang, Xiangyu and Ren, Shaoqing and Sun, Jian},
  booktitle={Proceedings of the IEEE conference on computer vision and pattern recognition},
  pages={770--778},
  year={2016}
}

%[15]
@article{hasanpour2016lets,
  title={Lets keep it simple, Using simple architectures to outperform deeper and more complex architectures},
  author={HasanPour, Seyyed Hossein and Rouhani, Mohammad and Fayyaz, Mohsen and Sabokrou, Mohammad},
  journal={arXiv preprint arXiv:1608.06037},
  year={2016}
}

%[16]
@book{mehrabian1971silent,
  title={Silent messages},
  author={Mehrabian, Albert and others},
  volume={8},
  year={1971},
  publisher={Wadsworth Belmont, CA}
}

%[17]
@article{pramerdorfer2016facial,
  title={Facial expression recognition using convolutional neural networks: state of the art},
  author={Pramerdorfer, Christopher and Kampel, Martin},
  journal={arXiv preprint arXiv:1612.02903},
  year={2016}
}

%[18]
@article{holder2017improved,
  title={Improved gradient local ternary patterns for facial expression recognition},
  author={Holder, Ross P and Tapamo, Jules R},
  journal={EURASIP Journal on Image and Video Processing},
  volume={2017},
  number={1},
  pages={42},
  year={2017},
  publisher={Springer}
}

%[19]
@misc{kaggle,
  title = {Kaggle webpage},
  howpublished = {\url{https://www.kaggle.com/}},
  year=2018
}