% Referências

%[1]
@inproceedings{bergstra2011algorithms,
 author = {Bergstra, James and Bardenet, R{\'e}mi and Bengio, Yoshua and K{\'e}gl, Bal\'{a}zs},
 title = {Algorithms for Hyper-parameter Optimization},
 booktitle = {Proceedings of the 24th International Conference on Neural Information Processing Systems},
 series = {NIPS'11},
 year = {2011},
 isbn = {978-1-61839-599-3},
 pages = {2546--2554},
 numpages = {9},
 url = {http://dl.acm.org/citation.cfm?id=2986459.2986743},
 acmid = {2986743},
 publisher = {Curran Associates Inc.},
 address = {Granada, Spain},
} 



%[2]
@article{bergstra2013hyperopt,
  author={James Bergstra and Brent Komer and Chris Eliasmith and Dan Yamins and David D Cox},
  title={Hyperopt: a Python library for model selection and hyperparameter optimization},
  journal={Computational Science \& Discovery},
  volume={8},
  number={1},
  pages={014008},
  url={http://stacks.iop.org/1749-4699/8/i=1/a=014008},
  year={2013}
}

%[3]
@inproceedings{lyons1998coding,
  title={Coding facial expressions with gabor wavelets},
  author={Lyons, Michael and Akamatsu, Shigeru and Kamachi, Miyuki and Gyoba, Jiro},
  booktitle={Proceedings Third IEEE International Conference on Automatic Face and Gesture Recognition},
  pages={200--205},
  year={1998},
  address={Nara, Japan},
  organization={IEEE}
}

%[4]
@inproceedings{kanade2000comprehensive,
  title={Comprehensive database for facial expression analysis},
  author={Kanade, Takeo and Tian, Yingli and Cohn, Jeffrey F},
  booktitle={Proceedings Fourth IEEE International Conference on Automatic Face and Gesture Recognition (Cat. No. PR00580)}, 
  pages={46},
  year={2000},
  address={Grenoble, France},
  organization={IEEE}
}

%[5]
@inproceedings{lucey2010extended,
  title={The extended cohn-kanade dataset (ck+): A complete dataset for action unit and emotion-specified expression},
  author={Lucey, Patrick and Cohn, Jeffrey F and Kanade, Takeo and Saragih, Jason and Ambadar, Zara and Matthews, Iain},
  booktitle={Conference on Computer Vision and Pattern Recognition Workshops (CVPRW), 2010 IEEE Computer Society},
  pages={94--101},
  year={2010},
  address={San Francisco, CA, USA},
  organization={IEEE}
}

%[6]
@inproceedings{deng2014scalable,
  author = {Deng, Jia and Russakovsky, Olga and Krause, Jonathan and Bernstein, Michael S. and Berg, Alex and Fei-Fei, Li},
 title = {Scalable Multi-label Annotation},
 booktitle = {Proceedings of the SIGCHI Conference on Human Factors in Computing Systems},
 series = {CHI '14},
 year = {2014},
 isbn = {978-1-4503-2473-1},
 location = {Toronto, Ontario, Canada},
 pages = {3099--3102},
 numpages = {4},
 url = {http://doi.acm.org/10.1145/2556288.2557011},
 doi = {10.1145/2556288.2557011},
 acmid = {2557011},
 publisher = {ACM},
 address = {New York, NY, USA},
 keywords = {crowdsourcing, human computation},
}

%[7]
@article{pinto2009high,
  title={A high-throughput screening approach to discovering good forms of biologically inspired visual representation},
  author={Pinto, Nicolas and Doukhan, David and DiCarlo, James J and Cox, David D},
  journal={PLoS computational biology},
  volume={5},
  number={11},
  pages={e1000579},
  year={2009},
  publisher={Public Library of Science}
}

%[8]
@inproceedings{coates2011importance,
  author = {Coates, Adam and Ng, Andrew Y.},
 title = {The Importance of Encoding Versus Training with Sparse Coding and Vector Quantization},
 booktitle = {Proceedings of the 28th International Conference on International Conference on Machine Learning},
 series = {ICML'11},
 year = {2011},
 isbn = {978-1-4503-0619-5},
 pages = {921--928},
 numpages = {8},
 url = {http://dl.acm.org/citation.cfm?id=3104482.3104598},
 acmid = {3104598},
 publisher = {Omnipress},
 address = {Bellevue, WA, USA}
}

%[9]
@inproceedings{goodfellow2013challenges,
  title={Challenges in representation learning: A report on three machine learning contests},
  author={Goodfellow, Ian J and Erhan, Dumitru and Carrier, Pierre Luc and Courville, Aaron and Mirza, Mehdi and Hamner, Ben and Cukierski, Will and Tang, Yichuan and Thaler, David and Lee, Dong-Hyun and others},
  booktitle={International Conference on Neural Information Processing},
  pages={117--124},
  publisher={Springer Berlin Heidelberg},
  address={Berlin, Heidelberg},
  year={2013},
  organization={Springer}
}

%[10]
@article{mollahosseini2017affectnet,
  title={Affectnet: A database for facial expression, valence, and arousal computing in the wild},
  author={Mollahosseini, Ali and Hasani, Behzad and Mahoor, Mohammad H},
  journal={arXiv preprint arXiv:1708.03985},
  year={2017}
}

%[11]
@inproceedings{krizhevsky2012imagenet,
  title={Imagenet classification with deep convolutional neural networks},
  author={Krizhevsky, Alex and Sutskever, Ilya and Hinton, Geoffrey E},
  booktitle={Advances in neural information processing systems},
  pages={1097--1105},
  year={2012}
}

%[12]
@article{simonyan2014very,
  title={Very deep convolutional networks for large-scale image recognition},
  author={Simonyan, Karen and Zisserman, Andrew},
  journal={arXiv preprint arXiv:1409.1556},
  year={2014}
}

%[13]
@article{szegedy2015going,
  author    = {Christian Szegedy and
               Wei Liu and
               Yangqing Jia and
               Pierre Sermanet and
               Scott E. Reed and
               Dragomir Anguelov and
               Dumitru Erhan and
               Vincent Vanhoucke and
               Andrew Rabinovich},
  title     = {Going Deeper with Convolutions},
  journal   = {CoRR},
  volume    = {abs/1409.4842},
  year      = {2014},
  url       = {http://arxiv.org/abs/1409.4842},
  archivePrefix = {arXiv},
  eprint    = {1409.4842},
  timestamp = {Mon, 13 Aug 2018 16:48:52 +0200},
  biburl    = {https://dblp.org/rec/bib/journals/corr/SzegedyLJSRAEVR14},
  bibsource = {dblp computer science bibliography, https://dblp.org}
}

%[14]
@article{he2016deep,
  author    = {Kaiming He and
               Xiangyu Zhang and
               Shaoqing Ren and
               Jian Sun},
  title     = {Deep Residual Learning for Image Recognition},
  journal   = {CoRR},
  volume    = {abs/1512.03385},
  year      = {2015},
  url       = {http://arxiv.org/abs/1512.03385},
  archivePrefix = {arXiv},
  eprint    = {1512.03385},
  timestamp = {Mon, 13 Aug 2018 16:46:56 +0200},
  biburl    = {https://dblp.org/rec/bib/journals/corr/HeZRS15},
  bibsource = {dblp computer science bibliography, https://dblp.org}
}

%[15]
@article{hasanpour2016lets,
  title={Lets keep it simple, Using simple architectures to outperform deeper and more complex architectures},
  author={HasanPour, Seyyed Hossein and Rouhani, Mohammad and Fayyaz, Mohsen and Sabokrou, Mohammad},
  journal={arXiv preprint arXiv:1608.06037},
  year={2016}
}

%[16]
@book{mehrabian1971silent,
  title={Silent messages},
  author={Mehrabian, Albert and others},
  volume={8},
  year={1971},
  address={Belmont, CA, USA},
  publisher={Wadsworth}
}

%[17]
@article{pramerdorfer2016facial,
  title={Facial expression recognition using convolutional neural networks: state of the art},
  author={Pramerdorfer, Christopher and Kampel, Martin},
  journal={arXiv preprint arXiv:1612.02903},
  year={2016}
}

%[18]
@article{holder2017improved,
  title={Improved gradient local ternary patterns for facial expression recognition},
  author={Holder, Ross P and Tapamo, Jules R},
  journal={EURASIP Journal on Image and Video Processing},
  volume={2017},
  number={1},
  pages={42},
  year={2017},
  publisher={Springer}
}

%[19]
@misc{kaggle,
  author = {Kaggle},
  title = {Kaggle Inc},
  howpublished = {\url{https://www.kaggle.com/}},
  note = {Online; acessado em 18 de Outubro de 2018},
  year = 2018
}

% --------------------------------------------------
% Novas referências
% --------------------------------------------------

%[20]
@article{pang2008opinion,
  title={Opinion mining and sentiment analysis},
  author={Pang, Bo and Lee, Lillian and others},
  journal={Foundations and Trends{\textregistered} in Information Retrieval},
  volume={2},
  number={1--2},
  pages={1--135},
  year={2008},
  publisher={Now Publishers, Inc.}
}

%[21]
@article{kolakowska2014emotion,
  author = {Kołakowska, Agata and Landowska, Agnieszka and Szwoch, Mariusz and Szwoch, Wioleta and Wróbel, Michał},
  year = {2014},
  month = {07},
  pages = {51-62},
  title = {Emotion Recognition and Its Applications},
  volume = {300},
  booktitle = {Advances in Intelligent Systems and Computing}
}

%[22]
@article{sarode2010facial,
  title={Facial expression recognition},
  author={Sarode, Neeta and Bhatia, Shalini},
  journal={International Journal on computer science and Engineering},
  volume={2},
  number={5},
  pages={1552--1557},
  year={2010},
  publisher={Engg Journals Publications}
}

%[23]
@inproceedings{manglik2004facial,
  title={Facial expression recognition},
  author={Manglik, Prashant Kumar and Misra, Ujjawal and Maringanti, H Bindu and others},
  booktitle={2004 IEEE International Conference on Systems, Man and Cybernetics (IEEE Cat. No.04CH37583)},
  volume={3},
  pages={2220--2224},
  year={2004},
  address={The Hague, Netherlands},
  organization={IEEE}
}

%[24]
@inproceedings{bartlett2003real,
  title={Real Time Face Detection and Facial Expression Recognition: Development and Applications to Human Computer Interaction.},
  author={Bartlett, Marian Stewart and Littlewort, Gwen and Fasel, Ian and Movellan, Javier R},
  booktitle={Conference on Computer Vision and Pattern Recognition Workshop, 2003. CVPRW'03},
  volume={5},
  pages={53--53},
  year={2003},
  address = {Madison, WI, USA},
  organization={IEEE}
}

%[25]
@inproceedings{miskam2014humanoid,
  title={Humanoid robot NAO as a teaching tool of emotion recognition for children with autism using the Android app},
  author={Miskam, Mohd Azfar and Shamsuddin, Syamimi and Samat, Mohd Ridzuan Abdul and Yussof, Hanafiah and Ainudin, Husna Ahmad and Omar, Abdul Rahman},
  booktitle={ 2014 International Symposium on Micro-NanoMechatronics and Human Science (MHS)},
  pages={1--5},
  year={2014},
  address={Nagoya, Japan},
  organization={IEEE}
}

%[26]
@article{shan2009facial,
  title={Facial expression recognition based on local binary patterns: A comprehensive study},
  author={Shan, Caifeng and Gong, Shaogang and McOwan, Peter W},
  journal={Image and vision Computing},
  volume={27},
  number={6},
  pages={803--816},
  year={2009},
  publisher={Elsevier}
}

%[27]
@inproceedings{levi2015emotion,
  title={Emotion recognition in the wild via convolutional neural networks and mapped binary patterns},
  author={Levi, Gil and Hassner, Tal},
  booktitle={Proceedings of the 2015 ACM on International Conference on Multimodal Interaction},
  pages={503--510},
  year={2015},
  address = {New York, NY, USA},
  organization={ACM}
}

%[28]
@inproceedings{dhavalikar2014face,
  title={Face detection and facial expression recognition system},
  author={Dhavalikar, Anagha S and Kulkarni, RK},
  booktitle={2014 International Conference on Electronics and Communication Systems (ICECS)},
  pages={1--7},
  year={2014},
  address={Coimbatore, India},
  organization={IEEE}
}

%[29]
@inproceedings{mollahosseini2016going,
  title={Going deeper in facial expression recognition using deep neural networks},
  author={Mollahosseini, Ali and Chan, David and Mahoor, Mohammad H},
  booktitle={2016 IEEE Winter Conference on Applications of Computer Vision (WACV)},
  pages={1--10},
  year={2016},
  address={Lake Placid, NY, USA},
  organization={IEEE}
}

%[30]
@inproceedings{Barsoum2016,
 author = {Barsoum, Emad and Zhang, Cha and Ferrer, Cristian Canton and Zhang, Zhengyou},
 title = {Training Deep Networks for Facial Expression Recognition with Crowd-sourced Label Distribution},
 booktitle = {Proceedings of the 18th ACM International Conference on Multimodal Interaction},
 series = {ICMI 2016},
 year = {2016},
 isbn = {978-1-4503-4556-9},
 location = {Tokyo, Japan},
 pages = {279--283},
 numpages = {5},
 url = {http://doi.acm.org/10.1145/2993148.2993165},
 doi = {10.1145/2993148.2993165},
 acmid = {2993165},
 publisher = {ACM},
 address = {New York, NY, USA},
 keywords = {Annotation, Convolutional Neural Network, Crowd sourcing, Emotion recognition, Facial Expression Recognition},
} 

%[31]
@inproceedings{bengio2012deep,
  title =    {Deep Learning of Representations for Unsupervised and Transfer Learning},
  author =   {Yoshua Bengio},
  booktitle =    {Proceedings of ICML Workshop on Unsupervised and Transfer Learning},
  pages =    {17--36},
  year =   {2012},
  volume =   {27},
  series =   {Proceedings of Machine Learning Research},
  address =    {Bellevue, Washington, USA},
  month =    {02 Jul},
  publisher =    {PMLR},
  pdf =    {http://proceedings.mlr.press/v27/bengio12a/bengio12a.pdf},
  url =    {http://proceedings.mlr.press/v27/bengio12a.html}
}

%[32]
@article{bengio2009learning,
  title={Learning deep architectures for AI},
  author={Bengio, Yoshua and others},
  journal={Foundations and trends{\textregistered} in Machine Learning},
  volume={2},
  number={1},
  pages={1--127},
  year={2009},
  publisher={Now Publishers, Inc.}
}

%[33]
@article{lecun1989cnn,
    author = {LeCun, Y. and Boser, B. and Denker, J. S. and Henderson, D. and Howard, R. E. and Hubbard, W. and Jackel, L. D.},
    title = {Backpropagation Applied to Handwritten Zip Code Recognition},
    journal = {Neural Computation},
    volume = {1},
    number = {4},
    pages = {541-551},
    year = {1989},
    doi = {10.1162/neco.1989.1.4.541}
}

%[34]
@misc{whydeeplearning,
  author = {Andrew Yan-Tak Ng},
  title = {What data scientists should know about deep learning},
  howpublished = {\url{https://www.slideshare.net/ExtractConf}},
  note = {Online; acessado em 10 de Setembro de 2018},
  year = 2015
}

%[35]
@misc{informationflow,
  author = {Brilliant.org},
  title = {Feedforward Neural Networks},
  howpublished = {\url{https://brilliant.org/wiki/feedforward-neural-networks/}},
  note = {Online; acessado em 15 de Setembro de 2018},
  year = 2018
}

%[36]
@misc{rna,
  author = {Michael Nielsen},
  title = {Neural Networks and Deep Learning},
  howpublished = {\url{http://neuralnetworksanddeeplearning.com/index.html}},
  note = {Online; acessado em 18 de Outubro de 2018},
  year = 2018
}

%[37]
@misc{conv_filter,
  author = {Anirudh Sharma},
  title = {Is there a difference between neural networks and convolutional neural networks?},
  howpublished = {\url{https://www.quora.com/Is-there-a-difference-between-neural-networks-and-convolutional-neural-networks}},
  note = {Online; acessado em 16 de Outubro de 2018},
  year = 2018
}

%[38]
@book{Goodfellow-et-al-2016,
    title={Deep Learning},
    author={Ian Goodfellow and Yoshua Bengio and Aaron Courville},
    publisher={MIT Press},
    note={\url{http://www.deeplearningbook.org}},
    address={Cambridge, Massachusetts, USA},
    year={2016}
}

%[39]
@article{Zhou-et-al-1988,
    author={Y. -. Zhou and R. Chellappa and A. Vaid and B. K. Jenkins},
    journal={IEEE Transactions on Acoustics, Speech, and Signal Processing},
    title={Image restoration using a neural network},
    year={1988},
    volume={36},
    number={7},
    pages={1141-1151},
    keywords={computerised picture processing;neural nets;gray level images restoration;parameter estimation;neural network;shift invariant blur function;additive noise;neural computational network;neural network model;nonstationary image;gray level function;sum;neuron state variables;algorithm;computational complexity;blur parameters;Image restoration;Neural networks;Degradation;Additive noise;Computer networks;Neurons;Parameter estimation;Image reconstruction;Fault tolerance;Computational complexity},
    doi={10.1109/29.1641},
    ISSN={0096-3518},
    month={July},
}

%[40]
@misc{pool_operation,
  author = {Stanford Vision and Learning Lab},
  title = {Convolutional Neural Networks for Visual Recognition},
  howpublished = {\url{http://cs231n.github.io/convolutional-networks/}},
  note = {Online; acessado em 20 de Outubro de 2018},
  year = 2018
}

%[41]
@article{Lemke2015,
  author="Lemke, Christiane and Budka, Marcin and Gabrys, Bogdan",
  title="Metalearning: a survey of trends and technologies",
  journal="Artificial Intelligence Review",
  year="2015",
  month="Jun",
  day="01",
  volume="44",
  number="1",
  pages="117--130",
  issn="1573-7462",
  doi="10.1007/s10462-013-9406-y",
  url="https://doi.org/10.1007/s10462-013-9406-y"
}

%[42]
@article{vanschoren2010understanding,
  title={Understanding machine learning performance with experiment databases},
  author={Vanschoren, Joaquin},
  journal={lirias. kuleuven. be, no. May},
  year={2010}
}

%[43]
@article{ClaesenM15,
  author    = {Marc Claesen and Bart De Moor},
  title     = {Hyperparameter Search in Machine Learning},
  journal   = {CoRR},
  volume    = {abs/1502.02127},
  year      = {2015},
  eprint    = {1502.02127},
  timestamp = {Mon, 13 Aug 2018 16:48:58 +0200},
  biburl    = {https://dblp.org/rec/bib/journals/corr/ClaesenM15},
  bibsource = {dblp computer science bibliography, https://dblp.org}
}

%[44]
@Inbook{Hinton2012,
  author="Hinton, Geoffrey E.",
  editor="Montavon, Gr{\'e}goire
  and Orr, Genevi{\`e}ve B.
  and M{\"u}ller, Klaus-Robert",
  title="A Practical Guide to Training Restricted Boltzmann Machines",
  bookTitle="Neural Networks: Tricks of the Trade: Second Edition",
  year="2012",
  publisher="Springer Berlin Heidelberg",
  address="Berlin, Heidelberg",
  pages="599--619",
  abstract="Restricted Boltzmann machines (RBMs) have been used as generative models of many different types of data. RBMs are usually trained using the contrastive divergence learning procedure. This requires a certain amount of practical experience to decide how to set the values of numerical meta-parameters. Over the last few years, the machine learning group at the University of Toronto has acquired considerable expertise at training RBMs and this guide is an attempt to share this expertise with other machine learning researchers.",
  isbn="978-3-642-35289-8",
  doi="10.1007/978-3-642-35289-8_32",
  url="https://doi.org/10.1007/978-3-642-35289-8_32"
}

%[45]
@article{Hsu2003APG,
  title={A Practical Guide to Support Vector Classification},
  author={Chih-Wei Hsu and Chih-Chung Chang and Chih-Jen Lin},
  year={2003}
}

%[46]
@article{Pedregosa2011,
 author = {Pedregosa, Fabian and Varoquaux, Ga\"{e}l and Gramfort, Alexandre and Michel, Vincent and Thirion, Bertrand and Grisel, Olivier and Blondel, Mathieu and Prettenhofer, Peter and Weiss, Ron and Dubourg, Vincent and Vanderplas, Jake and Passos, Alexandre and Cournapeau, David and Brucher, Matthieu and Perrot, Matthieu and Duchesnay, \'{E}douard},
 title = {Scikit-learn: Machine Learning in Python},
 journal = {J. Mach. Learn. Res.},
 issue_date = {2/1/2011},
 volume = {12},
 month = nov,
 year = {2011},
 issn = {1532-4435},
 pages = {2825--2830},
 numpages = {6},
 url = {http://dl.acm.org/citation.cfm?id=1953048.2078195},
 acmid = {2078195},
 publisher = {JMLR.org},
} 

%[47]
@article{ClaesenSPMM14,
  author    = {Marc Claesen and
               Jaak Simm and
               Dusan Popovic and
               Yves Moreau and
               Bart De Moor},
  title     = {Easy Hyperparameter Search Using Optunity},
  journal   = {CoRR},
  volume    = {abs/1412.1114},
  year      = {2014},
  url       = {http://arxiv.org/abs/1412.1114},
  archivePrefix = {arXiv},
  eprint    = {1412.1114},
  timestamp = {Mon, 13 Aug 2018 16:46:33 +0200},
  biburl    = {https://dblp.org/rec/bib/journals/corr/ClaesenSPMM14},
  bibsource = {dblp computer science bibliography, https://dblp.org}
}

%[48]
@incollection{Bergstra2011,
  title = {Algorithms for Hyper-Parameter Optimization},
  author = {James S. Bergstra and Bardenet, R\'{e}mi and Bengio, Yoshua and Bal\'{a}zs K\'{e}gl},
  booktitle = {Advances in Neural Information Processing Systems 24},
  editor = {J. Shawe-Taylor and R. S. Zemel and P. L. Bartlett and F. Pereira and K. Q. Weinberger},
  pages = {2546--2554},
  year = {2011},
  publisher = {Curran Associates, Inc.},
  url = {http://papers.nips.cc/paper/4443-algorithms-for-hyper-parameter-optimization.pdf}
}

%[49]
@article{Bergstra2012,
 author = {Bergstra, James and Bengio, Yoshua},
 title = {Random Search for Hyper-parameter Optimization},
 journal = {J. Mach. Learn. Res.},
 issue_date = {3/1/2012},
 volume = {13},
 month = feb,
 year = {2012},
 issn = {1532-4435},
 pages = {281--305},
 numpages = {25},
 url = {http://dl.acm.org/citation.cfm?id=2188385.2188395},
 acmid = {2188395},
 publisher = {JMLR.org},
 keywords = {deep learning, global optimization, model selection, neural networks, response surface modeling},
}

%[50]
@inproceedings{Pelikan1999,
 author = {Pelikan, Martin and Goldberg, David E. and Cant\'{U}-Paz, Erick},
 title = {BOA: The Bayesian Optimization Algorithm},
 booktitle = {Proceedings of the 1st Annual Conference on Genetic and Evolutionary Computation - Volume 1},
 series = {GECCO'99},
 year = {1999},
 isbn = {1-55860-611-4},
 location = {Orlando, Florida},
 pages = {525--532},
 numpages = {8},
 url = {http://dl.acm.org/citation.cfm?id=2933923.2933973},
 acmid = {2933973},
 publisher = {Morgan Kaufmann Publishers Inc.},
 address = {San Francisco, CA, USA},
}

%[51]
@misc{NNI,
  author = {Microsoft NNI},
  title = {Neural Network Intelligence},
  howpublished = {\url{https://microsoft.github.io/nni/}},
  note = {Online; acessado em 07 de Novembro de 2018},
  year = 2018
}

%[52]
@article{liu2018darts,
  title={Darts: Differentiable architecture search},
  author={Liu, Hanxiao and Simonyan, Karen and Yang, Yiming},
  journal={arXiv preprint arXiv:1806.09055},
  year={2018}
}

%[53]
@article{sigopt,
  title={Bayesian Optimization Primer},
  author={Ian Dewancker, Michael McCourt, Scott Clark},
  year={2018}
}

%[54]
@misc{TPEWilliam,
  author = {William Koehrsen},
  title = {A Conceptual Explanation of Bayesian Hyperparameter Optimization for Machine Learning},
  howpublished = {\url{https://bit.ly/2lYVvXU}},
  note = {Online; acessado em 15 de Novembro de 2018},
  year = 2018
}

%[55]
@article{jia2013,
    author = {Jia, Jia and Wu, Zhiyong and Zhang, Shen and Meng, Helen and Cai, Lianhong},
    year = {2013},
    month = {08},
    pages = {},
    title = {Head and facial gestures synthesis using PAD model for an expressive talking avatar},
    journal = {Multimedia Tools and Applications},
    doi = {10.1007/s11042-013-1604-8}
}

%[56]
@article{shanli2018,
  author    = {Shan Li and
               Weihong Deng},
  title     = {Deep Facial Expression Recognition: {A} Survey},
  journal   = {CoRR},
  volume    = {abs/1804.08348},
  year      = {2018},
  url       = {http://arxiv.org/abs/1804.08348},
  archivePrefix = {arXiv},
  eprint    = {1804.08348},
  timestamp = {Mon, 13 Aug 2018 16:48:55 +0200},
  biburl    = {https://dblp.org/rec/bib/journals/corr/abs-1804-08348},
  bibsource = {dblp computer science bibliography, https://dblp.org}
}

%[57]
@article{kampel2016,
  author    = {Christopher Pramerdorfer and
               Martin Kampel},
  title     = {Facial Expression Recognition using Convolutional Neural Networks:
               State of the Art},
  journal   = {CoRR},
  volume    = {abs/1612.02903},
  year      = {2016},
  url       = {http://arxiv.org/abs/1612.02903},
  archivePrefix = {arXiv},
  eprint    = {1612.02903},
  timestamp = {Mon, 13 Aug 2018 16:47:45 +0200},
  biburl    = {https://dblp.org/rec/bib/journals/corr/PramerdorferK16},
  bibsource = {dblp computer science bibliography, https://dblp.org}
}

%[58]
@article{mtcnn, 
    author={K. Zhang and Z. Zhang and Z. Li and Y. Qiao}, 
    journal={IEEE Signal Processing Letters}, 
    title={Joint Face Detection and Alignment Using Multitask Cascaded Convolutional Networks}, 
    year={2016}, 
    volume={23}, 
    number={10}, 
    pages={1499-1503}, 
    keywords={Benchmark testing;Computer architecture;Convolution;Detectors;Face;Face detection;Training;Cascaded convolutional neural network (CNN);face alignment;face detection}, 
    doi={10.1109/LSP.2016.2603342}, 
    ISSN={1070-9908}, 
    month={Oct}
}

%[59]
@inproceedings{hamester2015,
    author={D. Hamester and P. Barros and S. Wermter},
    booktitle={2015 International Joint Conference on Neural Networks (IJCNN)},
    title={Face expression recognition with a 2-channel Convolutional Neural Network},
    year={2015},
    pages={1-8},
    address = {Killarney, Ireland},
    publisher = {IEEE},
    doi={10.1109/IJCNN.2015.7280539},
    ISSN={2161-4407},
    month={July}
}


%[60]
@article{Yu2017DeeperCP,
  title={Deeper cascaded peak-piloted network for weak expression recognition},
  author={Zhenbo Yu and Qinshan Liu and Guangcan Liu},
  journal={The Visual Computer},
  year={2017},
  volume={34},
  pages={1691-1699}
}

%[61]
@misc{tccrepositorio,
  author = {Jorge Ribeiro},
  title = {Repositório Github deste trabalho},
  howpublished = {\url{https://github.com/jorgimello/meta-learning-fer}},
  note = {Online; acessado em 06 de Dezembro de 2018},
  year = 2018
}